@book{BD01,
   author = {Matouek, Jir\'{\i} and G\"{a}rtner, Bernd},
   title = {Understanding and Using Linear Programming (Universitext)},
   publisher = {Springer-Verlag},
   ISBN = {3540306978},
   year = {2006},
   type = {Book}
}

@article{BD02,
   author = {Kaandorp, Guido C. and Koole, Ger},
   title = {Optimal outpatient appointment scheduling},
   journal = {Health Care Management Science},
   volume = {10},
   number = {3},
   pages = {217-229},
   ISSN = {1386-9620
1572-9389},
   DOI = {10.1007/s10729-007-9015-x},
   year = {2007},
   type = {Journal Article}
}

@book{BD03,
   author = {Russell, Stuart and Norvig, Peter},
   title = {Artificial Intelligence: A Modern Approach},
   publisher = {Prentice Hall Press},
   edition = {3rd},
   ISBN = {0136042597, 9780136042594},
   year = {2009},
   type = {Book}
}

@article{BD04,
   author = {Erdogan, S. Ayca and Denton, Brian},
   title = {Dynamic Appointment Scheduling of a Stochastic Server with Uncertain Demand},
   journal = {INFORMS Journal on Computing},
   volume = {25},
   number = {1},
   pages = {116-132},
   ISSN = {1091-9856
1526-5528},
   DOI = {10.1287/ijoc.1110.0482},
   year = {2013},
   type = {Journal Article}
}

@article{BD05,
   author = {Berg, Bjorn P. and Denton, Brian T. and Ayca Erdogan, S. and Rohleder, Thomas and Huschka, Todd},
   title = {Optimal booking and scheduling in outpatient procedure centers},
   journal = {Computers & Operations Research},
   volume = {50},
   pages = {24-37},
   ISSN = {03050548},
   DOI = {10.1016/j.cor.2014.04.007},
   year = {2014},
   type = {Journal Article}
}

@article{BD06,
   author = {Cayirli, Tugba and Yang, Kum Khiong},
   title = {A Universal Appointment Rule with Patient Classification for Service Times, No-Shows, and Walk-Ins},
   journal = {Service Science},
   volume = {6},
   number = {4},
   pages = {274-295},
   ISSN = {2164-3962
2164-3970},
   DOI = {10.1287/serv.2014.0087},
   year = {2014},
   type = {Journal Article}
}

@article{BD07,
   author = {Feldman, Jacob and Liu, Nan and Topaloglu, Huseyin and Ziya, Serhan},
   title = {Appointment Scheduling Under Patient Preference and No-Show Behavior},
   journal = {Operations Research},
   volume = {62},
   number = {4},
   pages = {794-811},
   ISSN = {0030-364X
1526-5463},
   DOI = {10.1287/opre.2014.1286},
   year = {2014},
   type = {Journal Article}
}

@article{BD08,
   author = {Kemper, Benjamin and Klaassen, Chris A. J. and Mandjes, Michel},
   title = {Optimized appointment scheduling},
   journal = {European Journal of Operational Research},
   volume = {239},
   number = {1},
   pages = {243-255},
   ISSN = {03772217},
   DOI = {10.1016/j.ejor.2014.05.027},
   year = {2014},
   type = {Journal Article}
}

@article{BD09,
   author = {Kuiper, Alex and Kemper, Benjamin and Mandjes, Michel},
   title = {A Computational approach to optimized appointment scheduling},
   journal = {Queueing Systems},
   volume = {79},
   number = {1},
   pages = {5-36},
   ISSN = {0257-0130
1572-9443},
   DOI = {10.1007/s11134-014-9398-6},
   year = {2014},
   type = {Journal Article}
}

@article{BD10,
   author = {Norris, John B. and Kumar, Chetan and Chand, Suresh and Moskowitz, Herbert and Shade, Steve A. and Willis, Deanna R.},
   title = {An empirical investigation into factors affecting patient cancellations and no-shows at outpatient clinics},
   journal = {Decision Support Systems},
   volume = {57},
   pages = {428-443},
   ISSN = {01679236},
   DOI = {10.1016/j.dss.2012.10.048},
   year = {2014},
   type = {Journal Article}
}

@article{BD11,
   author = {Tang, Jiafu and Yan, Chongjun and Fung, Richard Y. K.},
   title = {Optimal appointment scheduling with no-shows and exponential service time considering overtime work},
   journal = {Journal of Management Analytics},
   volume = {1},
   number = {2},
   pages = {99-129},
   ISSN = {2327-0012
2327-0039},
   DOI = {10.1080/23270012.2014.915127},
   year = {2014},
   type = {Journal Article}
}

@article{BD12,
   author = {Tsai, Pei-Fang Jennifer and Teng, Guei-Yu},
   title = {A stochastic appointment scheduling system on multiple resources with dynamic call-in sequence and patient no-shows for an outpatient clinic},
   journal = {European Journal of Operational Research},
   volume = {239},
   number = {2},
   pages = {427-436},
   ISSN = {03772217},
   DOI = {10.1016/j.ejor.2014.04.032},
   year = {2014},
   type = {Journal Article}
}

@article{BD13,
   author = {Yan, Chongjun and Tang, Jiafu and Jiang, Bowen},
   title = {Sequential Appointment Scheduling Considering Walk-In Patients},
   journal = {Mathematical Problems in Engineering},
   volume = {2014},
   pages = {1-12},
   ISSN = {1024-123X
1563-5147},
   DOI = {10.1155/2014/564832},
   year = {2014},
   type = {Journal Article}
}

@article{BD14,
   author = {Zacharias, Christos and Pinedo, Michael},
   title = {Appointment Scheduling with No-Shows and Overbooking},
   journal = {Production and Operations Management},
   volume = {23},
   number = {5},
   pages = {788-801},
   ISSN = {10591478},
   DOI = {10.1111/poms.12065},
   year = {2014},
   type = {Journal Article}
}

@article{BD15,
   author = {Alrefaei, Mahmoud H. and Diabat, Ali},
   title = {Modelling and optimization of outpatient appointment scheduling},
   journal = {RAIRO - Operations Research},
   volume = {49},
   number = {3},
   pages = {435-450},
   ISSN = {0399-0559
1290-3868},
   DOI = {10.1051/ro/2014041},
   year = {2015},
   type = {Journal Article}
}

@article{BD16,
   author = {Erdogan, S. Ayca and Gose, Alexander and Denton, Brian T.},
   title = {Online appointment sequencing and scheduling},
   journal = {IIE Transactions},
   volume = {47},
   number = {11},
   pages = {1267-1286},
   ISSN = {0740-817X
1545-8830},
   DOI = {10.1080/0740817x.2015.1011355},
   year = {2015},
   type = {Journal Article}
}

@article{BD17,
   author = {Huang, Jia-Yen},
   title = {An Outpatient Appointment Scheduling System Based on the Logistic Regression Method},
   journal = {Journal of Information and Optimization Sciences},
   volume = {36},
   number = {6},
   pages = {549-567},
   ISSN = {0252-2667
2169-0103},
   DOI = {10.1080/02522667.2014.1001607},
   year = {2015},
   type = {Journal Article}
}

@article{BD18,
   author = {Kuiper, Alex and Mandjes, Michel},
   title = {Practical Principles in Appointment Scheduling},
   journal = {Quality and Reliability Engineering International},
   volume = {31},
   number = {7},
   pages = {1127-1135},
   ISSN = {07488017},
   DOI = {10.1002/qre.1863},
   year = {2015},
   type = {Journal Article}
}

@article{BD19,
   author = {Samorani, Michele and LaGanga, Linda R.},
   title = {Outpatient appointment scheduling given individual day-dependent no-show predictions},
   journal = {European Journal of Operational Research},
   volume = {240},
   number = {1},
   pages = {245-257},
   ISSN = {03772217},
   DOI = {10.1016/j.ejor.2014.06.034},
   year = {2015},
   type = {Journal Article}
}

@article{BD20,
   author = {Truong, Van-Anh},
   title = {Optimal Advance Scheduling},
   journal = {Management Science},
   volume = {61},
   number = {7},
   pages = {1584-1597},
   ISSN = {0025-1909
1526-5501},
   DOI = {10.1287/mnsc.2014.2067},
   year = {2015},
   type = {Journal Article}
}

@article{BD21,
   author = {Vink, Wouter and Kuiper, Alex and Kemper, Benjamin and Bhulai, Sandjai},
   title = {Optimal appointment scheduling in continuous time: The lag order approximation method},
   journal = {European Journal of Operational Research},
   volume = {240},
   number = {1},
   pages = {213-219},
   ISSN = {03772217},
   DOI = {10.1016/j.ejor.2014.06.024},
   year = {2015},
   type = {Journal Article}
}

@article{BD22,
   author = {Wang, Jin and Fung, Richard Y. K.},
   title = {Dynamic appointment scheduling with patient preferences and choices},
   journal = {Industrial Management & Data Systems},
   volume = {115},
   number = {4},
   pages = {700-717},
   ISSN = {0263-5577},
   DOI = {10.1108/imds-12-2014-0372},
   year = {2015},
   type = {Journal Article}
}

@article{BD23,
   author = {Yan, Chongjun and Tang, Jiafu and Jiang, Bowen and Fung, Richard Y. K.},
   title = {Sequential appointment scheduling considering patient choice and service fairness},
   journal = {International Journal of Production Research},
   volume = {53},
   number = {24},
   pages = {7376-7395},
   ISSN = {0020-7543
1366-588X},
   DOI = {10.1080/00207543.2015.1081426},
   year = {2015},
   type = {Journal Article}
}

@article{BD24,
   author = {Yan, Chongjun and Tang, Jiafu and Jiang, Bowen and Fung, Richard},
   title = {Comparison of Traditional and Open-Access Appointment Scheduling for Exponentially Distributed Service Time},
   journal = {Journal of Healthcare Engineering},
   volume = {6},
   pages = {345-376},
   DOI = {10.1260/2040-2295.6.3.345},
   year = {2015},
   type = {Journal Article}
}

@article{BD25,
   author = {Harris, Shannon L. and May, Jerrold H. and Vargas, Luis G.},
   title = {Predictive analytics model for healthcare planning and scheduling},
   journal = {European Journal of Operational Research},
   volume = {253},
   number = {1},
   pages = {121-131},
   ISSN = {03772217},
   DOI = {10.1016/j.ejor.2016.02.017},
   year = {2016},
   type = {Journal Article}
}

@article{BD26,
   author = {Liu, Nan},
   title = {Optimal Choice for Appointment Scheduling Window under Patient No-Show Behavior},
   journal = {Production and Operations Management},
   volume = {25},
   number = {1},
   pages = {128-142},
   ISSN = {10591478},
   DOI = {10.1111/poms.12401},
   year = {2016},
   type = {Journal Article}
}

@book{BD27,
   author = {O'Brien, Aoife M. and Mc Guckin, Conor},
   title = {The Systematic Literature Review Method: Trials and Tribulations of Electronic Database Searching at Doctoral Level},
   ISBN = {9781473949713},
   DOI = {10.4135/978144627305015595381},
   year = {2016},
   type = {Book}
}

@article{BD28,
   author = {Rajan, Balaraman and Seidmann, Abraham},
   year = {2016},
   month = {01},
   pages = {4760-4763},
   title = {Improving Open Access Policy for Scheduling Outpatient Appointments},
   DOI = {10.1109/HICSS.2016.590}
}

@article{BD29,
   author = {Salemi Parizi, Mahshid and Ghate, Archis},
   title = {Multi-class, multi-resource advance scheduling with no-shows, cancellations and overbooking},
   journal = {Computers & Operations Research},
   volume = {67},
   pages = {90-101},
   ISSN = {03050548},
   DOI = {10.1016/j.cor.2015.09.004},
   year = {2016},
   type = {Journal Article}
}

@article{BD30,
   author = {Salzarulo, Peter A. and Mahar, Stephen and Modi, Sachin},
   title = {Beyond Patient Classification: Using Individual Patient Characteristics in Appointment Scheduling},
   journal = {Production and Operations Management},
   volume = {25},
   number = {6},
   pages = {1056-1072},
   ISSN = {10591478},
   DOI = {10.1111/poms.12528},
   year = {2016},
   type = {Journal Article}
}

@article{BD31,
   author = {Wang, Dujuan and Yan, Chongjun and Wang, Lina and Lu, Di and Ma, Linhan},
   title = {Optimization methods for joint capacity and appointment scheduling problem with walk-in patients},
   pages = {9600-9604},
   DOI = {10.1109/ChiCC.2016.7554881},
   year = {2016},
   type = {Journal Article}
}

@article{BD32,
   author = {Ahmadi-Javid, Amir and Jalali, Zahra and Klassen, Kenneth J.},
   title = {Outpatient appointment systems in healthcare: A review of optimization studies},
   journal = {European Journal of Operational Research},
   volume = {258},
   number = {1},
   pages = {3-34},
   ISSN = {03772217},
   DOI = {10.1016/j.ejor.2016.06.064},
   year = {2017},
   type = {Journal Article}
}

@article{BD33,
   author = {Baş Güre, Seda and Carello, Giuliana and Lanzarone, Ettore and Yalçındağ, Semih},
   title = {Unaddressed problems and research perspectives in scheduling blood collection from donors},
   journal = {Production Planning & Control},
   volume = {29},
   number = {1},
   pages = {84-90},
   ISSN = {0953-7287
1366-5871},
   DOI = {10.1080/09537287.2017.1367860},
   year = {2017},
   type = {Journal Article}
}

@article{BD34,
   author = {Luo, Li and Zhou, Ying and Han, Bernie and Li, Jialing},
   title = {An optimization model to determine appointment scheduling window for an outpatient clinic with patient no-shows},
   journal = {Health Care Management Science},
   volume = {22},
   pages = {1-17},
   DOI = {10.1007/s10729-017-9421-7},
   year = {2017},
   type = {Journal Article}
}

@article{BD35,
   author = {Morikawa, Katsumi and Takahashi, Katsuhiko},
   title = {Scheduling appointments for walk-ins},
   journal = {International Journal of Production Economics},
   volume = {190},
   pages = {60-66},
   ISSN = {09255273},
   DOI = {10.1016/j.ijpe.2016.10.010},
   year = {2017},
   type = {Journal Article}
}

@article{BD36,
   author = {Qiu, Huaxin and Wang, Dujuan and Wang, Yanzhang and Yin, Yunqiang},
   title = {MRI appointment scheduling with uncertain examination time},
   journal = {Journal of Combinatorial Optimization},
   volume = {37},
   number = {1},
   pages = {62-82},
   ISSN = {1382-6905
1573-2886},
   DOI = {10.1007/s10878-017-0210-5},
   year = {2017},
   type = {Journal Article}
}

@article{BD37,
   author = {Zacharias, Christos and Armony, Mor},
   title = {Joint Panel Sizing and Appointment Scheduling in Outpatient Care},
   journal = {Management Science},
   volume = {63},
   number = {11},
   pages = {3978-3997},
   ISSN = {0025-1909
1526-5501},
   DOI = {10.1287/mnsc.2016.2532},
   year = {2017},
   type = {Journal Article}
}

@article{BD38,
   author = {Zhu, Han and Chen, Youhua and Leung, Eman and Liu, Xing},
   title = {Outpatient appointment scheduling with unpunctual patients},
   journal = {International Journal of Production Research},
   volume = {56},
   number = {5},
   pages = {1982-2002},
   ISSN = {0020-7543
1366-588X},
   DOI = {10.1080/00207543.2017.1355574},
   year = {2017},
   type = {Journal Article}
}

@article{BD39,
   author = {Baş, Seda and Carello, Giuliana and Lanzarone, Ettore and Yalçındağ, Semih},
   title = {An appointment scheduling framework to balance the production of blood units from donation},
   journal = {European Journal of Operational Research},
   volume = {265},
   number = {3},
   pages = {1124-1143},
   ISSN = {03772217},
   DOI = {10.1016/j.ejor.2017.08.054},
   year = {2018},
   type = {Journal Article}
}

@article{BD40,
   author = {Chen, Yan and Kuo, Yong-Hong and Fan, Ping and Balasubramanian, Hari},
   title = {Appointment overbooking with different time slot structures},
   journal = {Computers & Industrial Engineering},
   volume = {124},
   pages = {237-248},
   ISSN = {03608352},
   DOI = {10.1016/j.cie.2018.07.021},
   year = {2018},
   type = {Journal Article}
}

@article{BD41,
   author = {Deceuninck, Matthias and Fiems, Dieter and De Vuyst, Stijn},
   title = {Outpatient scheduling with unpunctual patients and no-shows},
   journal = {European Journal of Operational Research},
   volume = {265},
   number = {1},
   pages = {195-207},
   ISSN = {03772217},
   DOI = {10.1016/j.ejor.2017.07.006},
   year = {2018},
   type = {Journal Article}
}

@article{BD42,
   author = {Lee, Seung Jun and Heim, Gregory R. and Sriskandarajah, Chelliah and Zhu, Yunxia},
   title = {Outpatient Appointment Block Scheduling Under Patient Heterogeneity and Patient No-Shows},
   journal = {Production and Operations Management},
   volume = {27},
   number = {1},
   pages = {28-48},
   ISSN = {10591478},
   DOI = {10.1111/poms.12791},
   year = {2018},
   type = {Journal Article}
}

@article{BD43,
   author = {Lu, Yuwei and Xie, Xiaolan and Jiang, Zhibin},
   title = {Dynamic appointment scheduling with wait-dependent abandonment},
   journal = {European Journal of Operational Research},
   volume = {265},
   number = {3},
   pages = {975-984},
   ISSN = {03772217},
   DOI = {10.1016/j.ejor.2017.08.026},
   year = {2018},
   type = {Journal Article}
}

@article{BD44,
   author = {Srinivas, Sharan and Ravindran, A. Ravi},
   title = {Optimizing outpatient appointment system using machine learning algorithms and scheduling rules: A prescriptive analytics framework},
   journal = {Expert Systems with Applications},
   volume = {102},
   pages = {245-261},
   ISSN = {09574174},
   DOI = {10.1016/j.eswa.2018.02.022},
   year = {2018},
   type = {Journal Article}
}

@article{BD45,
   author = {Wang, Jin and Chen, Youhua  and Xu, Minghui},
   title = {Optimization and approximation methods for dynamic appointment scheduling with patient choices},
   journal = {Computers & Operations Research},
   volume = {92},
   pages = {65-76},
   ISSN = {03050548},
   DOI = {10.1016/j.cor.2017.12.009},
   year = {2018},
   type = {Journal Article}
}

@article{BD46,
   author = {Jiang, Bowen and Tang, Jiafu and Yan, Chongjun},
   title = {A stochastic programming model for outpatient appointment scheduling considering unpunctuality},
   journal = {Omega},
   volume = {82},
   pages = {70-82},
   ISSN = {03050483},
   DOI = {10.1016/j.omega.2017.12.004},
   year = {2019},
   type = {Journal Article}
}

@article{BD47,
   author = {Kuo, Yong-Hong and Balasubramanian, Hari and Chen, Yan},
   title = {Medical appointment overbooking and optimal scheduling: tradeoffs between schedule efficiency and accessibility to service},
   journal = {Flexible Services and Manufacturing Journal},
   ISSN = {1936-6582
1936-6590},
   DOI = {10.1007/s10696-019-09340-z},
   year = {2019},
   type = {Journal Article}
}

@article{BD48,
   author = {Soltani, Mohamad and Samorani, Michele and Kolfal, Bora},
   title = {Appointment scheduling with multiple providers and stochastic service times},
   journal = {European Journal of Operational Research},
   volume = {277},
   number = {2},
   pages = {667-683},
   ISSN = {03772217},
   DOI = {10.1016/j.ejor.2019.02.051},
   year = {2019},
   type = {Journal Article}
}

@misc{relevance,
  author = {ExLibris},
  title = {{Summon: Relevance Ranking}},
  howpublished = "\url{https://knowledge.exlibrisgroup.com/Summon/Product_Documentation/Searching_in_The_Summon_Service/Search_Results/Summon%3A_Relevance_Ranking}",
  year = {2017}, 
  note = "[Online; accessed 4-November-2019]"
}